@article{zhang2025,
  title={Advancing Deep Learning through Probability Engineering: A Pragmatic Paradigm for Modern AI},
  author={Zhang, Jianyi},
  journal={arXiv preprint arXiv:2503.18958},
  year={2025}
}

@article{ahmadi2024,
  title={Distributional Adversarial Loss},
  author={Ahmadi, Saba and Bhandari, Siddharth and Blum, Avrim and Dan, Chen and Jain, Prabhav},
  journal={arXiv preprint arXiv:2406.03458},
  year={2024}
}

@article{hao2025,
  title={Towards Better Generalization via Distributional Input Projection Network},
  author={Hao, Yifan and Lu, Yanxin and Shen, Xinwei and Zhang, Tong},
  journal={arXiv preprint arXiv:2506.04690},
  year={2025}
}

@article{lan2019,
  title={A Probabilistic Representation of Deep Learning},
  author={Lan, Xinjie and Barner, Kenneth E.},
  journal={arXiv preprint arXiv:1908.09772},
  year={2019}
}

@inproceedings{lucas2019,
  title={Don't Blame the ELBO! A Linear VAE Perspective on Posterior Collapse},
  author={Lucas, James and Tucker, George and Grosse, Roger B. and Norouzi, Mohammad},
  booktitle={Advances in Neural Information Processing Systems},
  pages={9408--9418},
  year={2019}
}

@article{wang2023,
  title={Posterior Collapse and Latent Variable Non-identifiability},
  author={Wang, Yixin and Blei, David M. and Cunningham, John P.},
  journal={arXiv preprint arXiv:2301.00537},
  year={2023}
}

@article{takida2022,
  title={Preventing Posterior Collapse Induced by Oversmoothing in Gaussian VAE},
  author={Takida, Yuhta and Liao, Wei-Hsiang and Uesaka, Toshimitsu and Takahashi, Shusuke and Mitsufuji, Yuki},
  journal={arXiv preprint arXiv:2102.08663},
  year={2022}
}

@article{lin2019,
  title={Balancing Reconstruction Quality and Regularisation in Evidence Lower Bound for Variational Autoencoders},
  author={Lin, Shuyu and Roberts, Stephen and Trigoni, Niki and Clark, Ronald},
  journal={arXiv preprint arXiv:1909.03765},
  year={2019}
}

@article{song2024,
  title={Toward Architecture-Agnostic Local Control of Posterior Collapse in VAEs},
  author={Song, Hyunsoo and Kim, Seungwhan and Lee, Seungkyu},
  journal={arXiv preprint arXiv:2508.12530},
  year={2024}
}

@article{paik2023,
  title={Maximum Mean Discrepancy Meets Neural Networks: The Radon-Kolmogorov-Smirnov Test},
  author={Paik, Seunghoon and Celentano, Michael and Green, Alden and Tibshirani, Ryan J.},
  journal={arXiv preprint arXiv:2309.02422},
  year={2023}
}

@inproceedings{dang2024,
  title={Beyond Vanilla Variational Autoencoders: Detecting Posterior Collapse in Conditional and Hierarchical VAEs},
  author={Dang, Hien and Tran, Tho and Nguyen, Tan and Ho, Nhat},
  booktitle={International Conference on Learning Representations},
  year={2024}
}

@article{simic2020,
  title={Testing for Normality with Neural Networks},
  author={Simi\'{c}, Milo\v{s}},
  journal={arXiv preprint arXiv:2009.13831},
  year={2020}
}

@article{fraiman2021,
  title={Application of the Cram\'{e}r-Wold Theorem to Testing for Invariance under Group Actions},
  author={Fraiman, Ricardo and Moreno, Leonardo and Ransford, Thomas},
  journal={arXiv preprint arXiv:2109.01041},
  year={2021}
}

@article{fraiman2022,
  title={A Cram\'{e}r-Wold Theorem for Elliptical Distributions},
  author={Fraiman, Ricardo and Moreno, Leonardo and Ransford, Thomas},
  journal={arXiv preprint arXiv:2206.13612},
  year={2022}
}

@article{chen2024,
  title={Model Checking for High Dimensional Generalized Linear Models Based on Random Projections},
  author={Chen, Wen and Liu, Jie and Peng, Heng and Tan, Falong and Zhu, Lixing},
  journal={arXiv preprint arXiv:2412.10721},
  year={2024}
}

@article{bosman2023,
  title={Robustness Distributions in Neural Network Verification},
  author={Bosman, Annelot W. and Berger, Aaron and Hoos, Holger H. and van Rijn, Jan N.},
  journal={Journal of Artificial Intelligence Research},
  volume={76},
  pages={1247--1280},
  year={2023}
}

@article{fang2025,
  title={Enhancing Vector Quantization with Distributional Matching: A Theoretical and Empirical Study},
  author={Fang, Xianghong and Guo, Litao and Chen, Hengchao and others},
  journal={arXiv preprint arXiv:2506.15078},
  year={2025}
}

@inproceedings{razavi2019,
  title={Preventing Posterior Collapse with $\delta$-VAEs},
  author={Razavi, Ali and van den Oord, Aaron and Poole, Ben and Vinyals, Oriol},
  booktitle={International Conference on Learning Representations},
  year={2019}
}

@article{novitskiy2025,
  title={VIVAT: Virtuous Improving VAE Training through Artifact Mitigation},
  author={Novitskiy, Lev and Vasilev, Viacheslav and Kovaleva, Maria and Arkhipkin, Vladimir and Dimitrov, Denis},
  journal={arXiv preprint arXiv:2506.07863},
  year={2025}
}

@article{bobkov2025,
  title={A Quantitative Cram\'{e}r-Wold Theorem for Zolotarev Distances},
  author={Bobkov, Sergey G. and G\"{o}tze, Friedrich},
  journal={arXiv preprint arXiv:2506.17745},
  year={2025}
}

@article{ayyala2020,
  title={Covariance Matrix Testing in High Dimension Using Random Projections},
  author={Ayyala, Deepak Nag and Ghosh, Santu and Linder, Daniel F.},
  journal={arXiv preprint arXiv:2011.08282},
  year={2020}
}