@article{kingma2014auto,
  title={Auto-encoding variational bayes},
  author={Kingma, Diederik P and Welling, Max},
  journal={arXiv preprint arXiv:1312.6114},
  year={2014}
}

@article{goodfellow2014generative,
  title={Generative adversarial nets},
  author={Goodfellow, Ian and Pouget-Abadie, Jean and others},
  journal={Advances in neural information processing systems},
  volume={27},
  year={2014}
}

@article{oord2017neural,
  title={Neural discrete representation learning},
  author={Oord, Aaron van den and Vinyals, Oriol and Kavukcuoglu, Koray},
  journal={Advances in neural information processing systems},
  volume={30},
  year={2017}
}

@article{zhang2025advancing,
  title={Advancing Deep Learning through Probability Engineering: A Pragmatic Paradigm for Modern AI},
  author={Zhang, Jianyi},
  journal={arXiv preprint arXiv:2503.18958},
  year={2025}
}

@article{ahmadi2024distributional,
  title={Distributional Adversarial Loss},
  author={Ahmadi, Saba and Bhandari, Siddharth and Blum, Avrim and Dan, Chen and Jain, Prabhav},
  journal={arXiv preprint arXiv:2406.03458},
  year={2024}
}

@article{hao2025towards,
  title={Towards Better Generalization via Distributional Input Projection Network},
  author={Hao, Yifan and Lu, Yanxin and Shen, Xinwei and Zhang, Tong},
  journal={arXiv preprint arXiv:2506.04690},
  year={2025}
}

@article{lucas2019dont,
  title={Don't Blame the ELBO! A Linear VAE Perspective on Posterior Collapse},
  author={Lucas, James and Tucker, George and Grosse, Roger B and Norouzi, Mohammad},
  journal={Advances in Neural Information Processing Systems},
  volume={32},
  year={2019}
}

@article{wang2023posterior,
  title={Posterior Collapse and Latent Variable Non-identifiability},
  author={Wang, Yixin and Blei, David M and Cunningham, John P},
  journal={arXiv preprint arXiv:2301.00537},
  year={2023}
}

@article{zheng2023online,
  title={Online Clustered Codebook},
  author={Zheng, Chuanxia and Vedaldi, Andrea},
  journal={arXiv preprint arXiv:2307.15139},
  year={2023}
}

@article{fang2025enhancing,
  title={Enhancing Vector Quantization with Distributional Matching: A Theoretical and Empirical Study},
  author={Fang, Xianghong and Guo, Litao and Chen, Hengchao and others},
  journal={arXiv preprint arXiv:2506.15078},
  year={2025}
}

@article{fraiman2021application,
  title={Application of the Cramér-Wold Theorem to Testing for Invariance under Group Actions},
  author={Fraiman, Ricardo and Moreno, Leonardo and Ransford, Thomas},
  journal={arXiv preprint arXiv:2109.01041},
  year={2021}
}

@article{paik2023maximum,
  title={Maximum Mean Discrepancy Meets Neural Networks: The Radon-Kolmogorov-Smirnov Test},
  author={Paik, Seunghoon and Celentano, Michael and Green, Alden and Tibshirani, Ryan J},
  journal={arXiv preprint arXiv:2309.02422},
  year={2023}
}

@article{simic2020testing,
  title={Testing for Normality with Neural Networks},
  author={Simić, Miloš},
  journal={arXiv preprint arXiv:2009.13831},
  year={2020}
}

@article{chen2024model,
  title={Model Checking for High Dimensional Generalized Linear Models Based on Random Projections},
  author={Chen, Wen and Liu, Jie and Peng, Heng and Tan, Falong and Zhu, Lixing},
  journal={arXiv preprint arXiv:2412.10721},
  year={2024}
}

@article{takida2022preventing,
  title={Preventing Posterior Collapse Induced by Oversmoothing in Gaussian VAE},
  author={Takida, Yuhta and Liao, Wei-Hsiang and Uesaka, Toshimitsu and Takahashi, Shusuke and Mitsufuji, Yuki},
  journal={arXiv preprint arXiv:2102.08663},
  year={2022}
}

@article{song2024toward,
  title={Toward Architecture-Agnostic Local Control of Posterior Collapse in VAEs},
  author={Song, Hyunsoo and Kim, Seungwhan and Lee, Seungkyu},
  journal={arXiv preprint arXiv:2508.12530},
  year={2024}
}

@article{razavi2019preventing,
  title={Preventing Posterior Collapse with δ-VAEs},
  author={Razavi, Ali and van den Oord, Aaron and Poole, Ben and Vinyals, Oriol},
  journal={International Conference on Learning Representations},
  year={2019}
}

@article{fang_2025_vq_wasserstein,
  title={Enhancing Vector Quantization with Distributional Matching: A Theoretical and Empirical Study},
  author={Fang, Xianghong and Guo, Litao and Chen, Hengchao and others},
  journal={arXiv preprint arXiv:2506.15078},
  year={2025}
}

@article{fraiman2022cramer,
  title={A Cramér-Wold Theorem for Elliptical Distributions},
  author={Fraiman, Ricardo and Moreno, Leonardo and Ransford, Thomas},
  journal={arXiv preprint arXiv:2206.13612},
  year={2022}
}

@article{bobkov2025quantitative,
  title={A Quantitative Cramér-Wold Theorem for Zolotarev Distances},
  author={Bobkov, Sergey G and Götze, Friedrich},
  journal={arXiv preprint arXiv:2506.17745},
  year={2025}
}

@article{ayyala2020covariance,
  title={Covariance Matrix Testing in High Dimension Using Random Projections},
  author={Ayyala, Deepak Nag and Ghosh, Santu and Linder, Daniel F},
  journal={arXiv preprint arXiv:2011.08282},
  year={2020}
}

@article{kim2023neural,
  title={A Neural Network-Based Approach to Normality Testing for Dependent Data},
  author={Kim, Minwoo and Genton, Marc G and Huser, Raphael and Castruccio, Stefano},
  journal={arXiv preprint arXiv:2310.10422},
  year={2023}
}

@article{dang2024beyond,
  title={Beyond Vanilla Variational Autoencoders: Detecting Posterior Collapse in Conditional and Hierarchical VAEs},
  author={Dang, Hien and Tran, Tho and Nguyen, Tan and Ho, Nhat},
  journal={International Conference on Learning Representations},
  year={2024}
}

@article{lin2019balancing,
  title={Balancing Reconstruction Quality and Regularisation in Evidence Lower Bound for Variational Autoencoders},
  author={Lin, Shuyu and Roberts, Stephen and Trigoni, Niki and Clark, Ronald},
  journal={arXiv preprint arXiv:1909.03765},
  year={2019}
}

@article{seo2024rate,
  title={Rate-Adaptive Quantization: A Multi-Rate Codebook Adaptation for Vector Quantization-based Generative Models},
  author={Seo, Jiwan and Kang, Joonhyuk},
  journal={arXiv preprint arXiv:2405.14222},
  year={2024}
}

@article{huijben2024residual,
  title={Residual Quantization with Implicit Neural Codebooks},
  author={Huijben, Iris AM and Douze, Matthijs and Muckley, Matthew and van Sloun, Ruud JG and Verbeek, Jakob},
  journal={International Conference on Machine Learning},
  year={2024}
}

@article{tamkin2023codebook,
  title={Codebook Features: Sparse and Discrete Interpretability for Neural Networks},
  author={Tamkin, Alex and Taufeeque, Mohammad},
  journal={Stanford AI Lab Blog},
  year={2023}
}

@article{bosman2023robustness,
  title={Robustness Distributions in Neural Network Verification},
  author={Bosman, Annelot W and Berger, Aaron and Hoos, Holger H and van Rijn, Jan N},
  journal={Journal of Artificial Intelligence Research},
  volume={76},
  pages={343--375},
  year={2023}
}

@article{lan2019probabilistic,
  title={A Probabilistic Representation of Deep Learning},
  author={Lan, Xinjie and Barner, Kenneth E},
  journal={arXiv preprint arXiv:1908.09772},
  year={2019}
}

@article{novitskiy2025vivat,
  title={VIVAT: Virtuous Improving VAE Training through Artifact Mitigation},
  author={Novitskiy, Lev and Vasilev, Viacheslav and Kovaleva, Maria and Arkhipkin, Vladimir and Dimitrov, Denis},
  journal={arXiv preprint arXiv:2506.07863},
  year={2025}
}

@article{petit2021preventing,
  title={Preventing Posterior Collapse in Variational Autoencoders for Text Generation via Decoder Regularization},
  author={Petit, Alban and Corro, Caio},
  journal={arXiv preprint arXiv:2110.14945},
  year={2021}
}

@article{melis2022mutual,
  title={Mutual Information Constraints for Monte-Carlo Objectives to Prevent Posterior Collapse},
  author={Melis, Gábor and György, András and Blunsom, Phil},
  journal={Journal of Machine Learning Research},
  volume={23},
  number={1},
  pages={1--32},
  year={2022}
}